<record><leader>00000cas a22000007a 4500</leader><controlfield tag="001">9941666</controlfield><controlfield tag="008">830923d187119uunyuwr ne      0    0eng d</controlfield><controlfield tag="009">3781</controlfield><datafield ind1=" " ind2=" " tag="010"><subfield code="a">sn 83031240 </subfield></datafield><datafield ind1=" " ind2=" " tag="040"><subfield code="a">NPU</subfield><subfield code="b">eng</subfield><subfield code="c">NPU</subfield><subfield code="d">OCL</subfield><subfield code="d">NPX</subfield><subfield code="d">NYS</subfield><subfield code="d">OCLCQ</subfield></datafield><datafield ind1=" " ind2=" " tag="042"><subfield code="a">msc</subfield></datafield><datafield ind1="0" ind2="4" tag="245"><subfield code="a">The Middleburgh gazette.</subfield></datafield><datafield ind1=" " ind2=" " tag="260"><subfield code="a">Middleburgh, N.Y. :</subfield><subfield code="b">O.B. Ireland</subfield></datafield><datafield ind1=" " ind2=" " tag="300"><subfield code="a">v. :</subfield><subfield code="b">ill. (chiefly adv.) ;</subfield><subfield code="c">56 cm.</subfield></datafield><datafield ind1=" " ind2=" " tag="310"><subfield code="a">Weekly</subfield></datafield><datafield ind1="0" ind2=" " tag="362"><subfield code="a">Vol. 1, no. 1 (Oct. 11, 1871)-</subfield></datafield><datafield ind1=" " ind2=" " tag="500"><subfield code="a">Publishers: Smith &amp; Ireland, Oct. 7, 1871; O.B. Ireland, Oct. 11, 1871- ; Alph S. Foote, &lt;1873&gt;; J. Edward Young, &lt;1874&gt;-1891; W.H. Neville, 1891-&lt;1894&gt;; J. Edward Young, &lt;1897-1909&gt;; Paul B. Mattice, &lt;1912&gt;; Daniel D. Frisbie, &lt;1920-1931&gt;; Estate of Daniel D. Frisbie, &lt;1932-1933&gt;.</subfield></datafield><datafield ind1=" " ind2=" " tag="515"><subfield code="a">A preliminary issue also numbered vol. 1, no. 1 was published Oct. 7, 1871.</subfield></datafield><datafield ind1=" " ind2=" " tag="500"><subfield code="a">Editors: Ireland &amp; Blodgett, 1871- ; Alph S. Foote, &lt;1873&gt;; J. Edward Young, &lt;1876&gt;; Daniel M. Frisbie, &lt;1933&gt;.</subfield></datafield><datafield ind1=" " ind2="4" tag="651"><subfield code="a">Middleburgh (N.Y.)</subfield><subfield code="v">Newspapers.</subfield></datafield><datafield ind1=" " ind2=" " tag="752"><subfield code="a">United States</subfield><subfield code="b">New York</subfield><subfield code="c">Schoharie</subfield><subfield code="d">Middleburgh.</subfield></datafield></record>